@misc{IntroductionAlInternet,
  author = {Yaddaden, Yacine},
  title = {Cours INF16107 : Introduction à l'internet},
  howpublished = {Université du Québec à Rimouski},
  year = {2024},
  note = {Session Automne-2024}
}

@misc{stackoverflow2024,
  author = {Stack Overflow},
  title = {- Where Developers Learn, Share, and Build Careers},
  year = {2024},
  url = {https://stackoverflow.com},
  note = {Consulté du 09 et 17 octobre 2024}
}

@misc{w3schools2024,
  author = {W3Schools},
  title = {W3Schools Online Web Tutorials},
  year = {2024},
  url = {https://www.w3schools.com},
  note = {Consulté du 09 et 17 octobre 2024}
}

